<?xml version="1.0" encoding="UTF-8"?>
<collection xmlns="http://www.loc.gov/MARC21/slim">
    <record>
        <leader>66662cim  2200457Ia 45í0</leader>
        <controlfield tag="001">a1</controlfield>
        <controlfield tag="008">041202s2000    mdunnn  s      f    eng d</controlfield>
        <datafield tag="245" ind1="1" ind2="0">
            <subfield code="a">single unmatched 880 for 505 field</subfield>
        </datafield>
        <datafield tag="880" ind1="1" ind2=" ">
            <subfield code="6">505-00</subfield>
            <subfield code="a">vern505a</subfield>
            <subfield code="b">vern505b</subfield>
        </datafield>
    </record>