
    <record>
        <leader>66662cim  2200457Ia 45í0</leader>
        <controlfield tag="001">a2</controlfield>
        <controlfield tag="008">041202s2000    mdunnn  s      f    eng d</controlfield>
        <datafield tag="245" ind1="1" ind2="0">
            <subfield code="a">two unmatched 880 for 500, 505 field</subfield>
        </datafield>
        <datafield tag="880" ind1="1" ind2=" ">
            <subfield code="6">500-00</subfield>
            <subfield code="a">vern500a</subfield>
            <subfield code="b">vern500b</subfield>
        </datafield>
        <datafield tag="880" ind1="1" ind2="0">
            <subfield code="6">505-00</subfield>
            <subfield code="a">vern505a</subfield>
            <subfield code="c">vern505c</subfield>
        </datafield>
    </record>