
    <record>
        <leader>66662cim  2200457Ia 45í0</leader>
        <controlfield tag="001">a3</controlfield>
        <controlfield tag="008">041202s2000    mdunnn  s      f    eng d</controlfield>
        <datafield tag="245" ind1="1" ind2="0">
            <subfield code="6">880-01</subfield>
            <subfield code="a">matched and unmatched 880</subfield>
        </datafield>
        <datafield tag="880" ind1="1" ind2="0">
            <subfield code="6">245-01</subfield>
            <subfield code="a">vern245a</subfield>
            <subfield code="b">vern245b</subfield>
        </datafield>
        <datafield tag="880" ind1="1" ind2=" ">
            <subfield code="6">505-00</subfield>
            <subfield code="a">vern505a</subfield>
            <subfield code="g">vern505g</subfield>
        </datafield>
    </record>