
    <record>
        <leader>66662cim  2200457Ia 45í0</leader>
        <controlfield tag="001">a7</controlfield>
        <controlfield tag="008">041202s2000    mdunnn  s      f    eng d</controlfield>
        <datafield tag="245" ind1="1" ind2="0">
            <subfield code="a">unmatched 880 for 100 field</subfield>
        </datafield>
        <datafield tag="880" ind1="1" ind2=" ">
            <subfield code="6">100-00</subfield>
            <subfield code="a">vern100a</subfield>
        </datafield>
    </record>
</collection>
